@Article{Matsumoto1998,
  author  = {M. Matsumoto and T. Nishimura},
  title   = {Mersenne Twister: a 623-Dimensionally Equidistributed Uniform Pseudo-Random Number Generator},
  journal = {ACM Transactions on Modeling and Computer Simulation (TOMACS)},
  year    = {1998},
  volume  = {8},
  number  = {1},
  pages   = {3--30},
  doi     = {10.1145/272991.272995},
  file    = {:pdf/Matsumoto1998 - Mersenne Twister\: a 623-Dimensionally Equidistributed Uniform Pseudo-Random Number Generator.pdf:PDF},
  groups  = {Pseudo-Random Number Generator (PRNG)},
}

@InProceedings{Crozier1999,
  author    = {S. Crozier and  J. Lodge and P. Guinand and A. Hunt},
  title     = {Performance of Turbo Codes with Relative Prime and Golden Interleaving Strategies},
  booktitle = {International Mobile Satellite Conference (IMSC)},
  year      = {1999},
  pages     = {268-275},
  url       = {https://www.tib.eu/en/search/id/BLCP%3ACN033129464/Performance-of-Turbo-Codes-with-Relative-Prime/},
}